@Article{balchimowicz-cai2010,
  author = {Alchimowicz, Bartosz and Jurkiewicz, Jakub and Ochodek, Miros{\l}aw and Nawrocki, Jerzy},
  title = {Building Benchmarks for Use Cases},
  year = {2010},
  abstract = {This paper presents how the use-cases benchmark has been built and how it can be applied by researchers. Set of 16 industrial projects (with 524 use cases in total) has been analysed in order to obtain quantitative and qualitative profile of a typical use-case-based requirements specification. Based on the analysis, two types of referential use-case-based requirements specifications have been created, one taking only quantitative data into account and second considering quantitative data. Researchers who analyse use cases can utilise this specifications in order to validate their methods and tools before applying them to real projects. Moreover such referential specification can be used as a benchmark and allows comparing accuracy and efficiency of tools for use-case analysis.},
  journal = {Computing and Informatics},
  volume = {29},
  number = {1},
  pages = {27-44}
}


% ==============================================================================================
% Meta-modeling
% ==============================================================================================

@misc{EMF,
  author = {Eclipse.org},
  title = {{Eclipse Modelling Framework}},
  note = {\url{http://www.eclipse.org/emf}},
}

@misc{UML-standard,
  author = {{OMG}},
  title = {{Unified Modeling Language}},
  year = {2008},
  note = {\url{http://www.uml.org}},
}

% ==============================================================================================
% Software/Requirements Engineering
% ==============================================================================================

@book{MDD,
  author = {Stahl, T. and Voelter, M. and Czarnecki, K.},
  title = {Model-Driven Software Development: Technology, Engineering, Management},
  year = {2006},
  isbn = {0470025700},
  publisher = {John Wiley \& Sons},
}

@book{Larman,
  author = {Larman, C.},
  title = {Applying UML and Patterns: An Introduction to Object-Oriented Analysis and Design and Iterative Development},
  year = {2004},
  isbn = {0131489062},
  publisher = {Prentice Hall PTR},
  address = {Upper Saddle River, NJ, USA},
}

@book{Cockburn:2000:WEU:517669,
 author = {Cockburn, Alistair},
 title = {Writing Effective Use Cases},
 year = {2000},
 isbn = {0201702258},
 publisher = {Addison-Wesley},
 address = {Boston, MA, USA},
}

@book{Rosenberg:2007:UCDrivenUML,
  author = {Doug Rosenberg and Matt Stephens},
  title = {Use Case Driven Object Modeling with UML: Theory and Practice},
  year = {2007},
  isbn = {1-59059-774-5},
  publisher = {Springer},
  address = {233 Spring Street, 6th Floor, New York, NY 10013},
}

@misc{SRS-gpm,
  author = {Donald Firesmith},
  title = {Global Personal Marketplace System Requirements Specification},
  year = {2003},
  note = {\url{http://www.it.uu.se/edu/course/homepage/pvt/SRS.pdf}}
}
% ==============================================================================================
% Related Work - Use-cases, behaviour ...
% ==============================================================================================

@inproceedings{DBLP:conf/re/Kof08,
 author = {Kof, Leonid},
 title = {From Textual Scenarios to Message Sequence Charts: Inclusion of Condition Generation and Actor Extraction},
 booktitle = {Proc. RE 2008},
 year = {2008},
 isbn = {978-0-7695-3309-4},
 pages = {331--332},
 numpages = {2},
 doi = {10.1109/RE.2008.12},
 acmid = {1475858},
 publisher = {IEEE CS},
 keywords = {requirements analysis, modeling, model generation, model validation},
}


@misc{PROCASOR-environment,
  author = {Mencl, V. and Francu, J. and Ondrusek, J. and Fiedler, M. and Plsek, A.},
  title = {Procasor Environment: Interactive Environment for Requirement Specification},
  year = {2005},
  note = {\url{http://dsrg.mff.cuni.cz/~mencl/procasor-env/}},
}

@misc{REPROTOOL-tool,
  author = {Simko, V. and Vinarek, J. and Fiala, O. and Krajicek, J. and Tomori, R. and Hnetynka, P. and Bures, T. and Hauzar, D.},
  title = {Requirements Processing Tool},
  year = {2011},
  note = {\url{http://code.google.com/a/eclipselabs.org/p/reprotool/}},
}

@inproceedings{MenclDeriving,
  title = {Deriving Behavior Specifications from Textual Use Cases},
  author = {Mencl, V.},
  year = {2004},
  month = {September},
  booktitle = {Proc. of WITSE'04},
  location = {Linz, Austria},
}

@inproceedings{MenclImprovedDeriving,
  title = {Improved Processing of Textual Use Cases: Deriving Behavior Specifications},
  author = {Drazan, J. and Mencl, V.},
  year = {2007},
  booktitle = {Proc. of SOFSEM '07},
  isbn = {978-3-540-69506-6},
  pages = {856--868},
  location = {Harrachov, Czech Republic},
  publisher = {Springer},
}

@article{JavaEEGenerator-2008,
  author = {Francu, J. and Hnetynka, P.},
  title     = {{Automated Code Generation from System Requirements in Natural Language}},
  journal   = {{e-Informatica Software Engineering Journal}},
  volume    = {3},
  number    = {1},
  year      = {2009},
  pages     = {72--88},
}

% ==============================================================================================
% Related Work - Formalized Behavior 
% ==============================================================================================

@inproceedings{podc87:ioautomata,
  author = {Lynch, Nancy A. and Tuttle, Mark R.},
  title = {{Hierarchical correctness proofs for distributed algorithms}},
  booktitle = {PODC '87: Proceedings of the sixth annual ACM Symposium on Principles of distributed computing},
  year = {1987},
  isbn = {0-89791-239-4},
  pages = {137--151},
  location = {Vancouver, British Columbia, Canada},
  doi = {http://doi.acm.org/10.1145/41840.41852},
  publisher = {ACM},
  address = {New York, NY, USA},
}


% ==============================================================================================
% TODO
% ==============================================================================================


@article{ BehaviourProtocols,
  title = {Behavior Protocols for Software Components},
  author = {Plasil, F. and Visnovsky, S.},
  journal ={IEEE Transactions on Software Engineering},
  volume = {28},
  number = {11},
  issn = {0098-5589},
  year = {2002},
  month = {November},
  pages = {1056-1076},
  publisher = {IEEE CS},
  address = {Los Alamitos, CA, USA},
}
