%%%%%%%%%%%%%%%%%%%%%%%%%%%%%%%%%%%%%%%%%%%%%%%%%%%%%%%%%%%%%%%%%%%%%%%%%%%%%%%%
% Bibliography related to linguistics analysis
%%%%%%%%%%%%%%%%%%%%%%%%%%%%%%%%%%%%%%%%%%%%%%%%%%%%%%%%%%%%%%%%%%%%%%%%%%%%%%%%

@InProceedings{Linguistics-ratnaparkhi96,
   author = {Ratnaparkhi, Adwait},
   title = {{ A Maximum Entropy Part-Of-Speech Tagger}},
  booktitle =    {Proceedings of the Empirical Methods in Natural Language Processing Conference},
  year =         {1996},
  month =        {May 17-18},
  publisher = {University of Pennsylvania}
}

@phdthesis{Linguistics-ratnaparkhi98,
   author = {Ratnaparkhi, Adwait},
   title = {{Maximum Entropy Models for Natural Language Ambiguity Resolution}},
  school =    {University of Pennsylvania},
  year =         {1998}
}

