%%%%%%%%%%%%%%%%%%%%%%%%%%%%%%%%%%%%%%%%%%%%%%%%%%%%%%%%%%%%%%%%%%%%%%%%%%%%%%%%
% Bibliography related to model-checking
%%%%%%%%%%%%%%%%%%%%%%%%%%%%%%%%%%%%%%%%%%%%%%%%%%%%%%%%%%%%%%%%%%%%%%%%%%%%%%%%

@InProceedings{NuSMV-CAV02,
  author =      {A. Cimatti and E. Clarke and E. Giunchiglia and F. Giunchiglia and M. Pistore and M. Roveri and R. Sebastiani and A. Tacchella},
  title =       {{NuSMV Version 2: An OpenSource Tool for Symbolic Model Checking}},
  booktitle =   {Proc. International Conference on Computer-Aided Verification (CAV 2002)},
  month =       {July},
  year =        {2002},
  address =     {Copenhagen, Denmark},
  volume =      {2404},
  series =      {LNCS},
  publisher =   {Springer}
}

@InProceedings{NuSMV-frocos02,
  author =       {A. Cimatti and E. Giunchiglia and M. Pistore and M. Roveri and R. Sebastiani and A. Tacchella},
  title =        {{Integrating BDD-based and SAT-based Symbolic Model Checking}},
  booktitle =    {Proc. "Frontiers of Combining Systems, FROCOS'02"},
  year =         {2002},
  volume =       {2309},
  series =       {LNAI},
  address =      {Santa Margherita, Italy},
  month =        {January},
  publisher = {Springer}
}

@article {NuSMV-ltl-fmsd97,
   author = {Clarke, Edmund M. and Grumberg, Orna and Hamaguchi, Kiyoharu},
   title = {Another Look at LTL Model Checking},
   journal = {Formal Methods in System Design},
   publisher = {Springer Netherlands},
   issn = {0925-9856},
   keyword = {Engineering},
   pages = {47-71},
   volume = {10},
   issue = {1},
   url = {http://dx.doi.org/10.1023/A:1008615614281},
   note = {10.1023/A:1008615614281},
   year = {1997}
}

@misc{googlecode-nusmv-tools,
 title = {{Tools for the model checker NuSMV}},
 howpublished = {Project hosted at Google Code / Eclipse Labs},
 year = {2011},
 url = {http://code.google.com/a/eclipselabs.org/p/nusmv-tools/}
}
