%%%%%%%%%%%%%%%%%%%%%%%%%%%%%%%%%%%%%%%%%%%%%%%%%%%%%%%%%%%%%%%%%%%%%%%%%%%%%%%%
% Bibliography related to Eclipse plug-ins
%%%%%%%%%%%%%%%%%%%%%%%%%%%%%%%%%%%%%%%%%%%%%%%%%%%%%%%%%%%%%%%%%%%%%%%%%%%%%%%%

@misc{EclipseCon2011-XtextXbaseXtend2,
 author = {Sven Efftinge and Jan Koehnlein and Sebastian Zarnekow},
 title = {{Pragmatic DSL Design with Xtext, Xbase and Xtend 2}},
 howpublished = {Tutorial at EclipseCon 2011 Santa Clara},
 year = {2011},
 url = {http://www.slideshare.net/schwurbel/pragmatic-dsl-design-with-xtext-xbase-and-xtend-2}
}

@misc{EMF,
  author = {Eclipse.org},
  title = {{Eclipse Modelling Framework}},
  note = {\url{http://www.eclipse.org/emf}},
}

@misc{QVT,
  author = {Object Management Group},
  title = {{Meta Object Facility (MOF) 2.0 Query/View/Transformation Specification}},
  year = {2008},
  month = {April},
}

@Misc{TreePatternLanguage,
 author = {Ken Wenzel},
 title = {A language for searching tree-like structures},
 howpublished = {Project hosted at Tigris.org},
 year = {2007},
 OPTurl = {http://tpl.tigris.org},
}

@Misc{Xtext-website,
 author = {{The Eclipse Foundation}},
 title = {Xtext 2.1},
 howpublished = {Eclipse Modeling Project / Textual Modeling Framework},
 year = {2011},
 note = {http://www.eclipse.org/Xtext/},
}

@Misc{Xtend-website,
 author = {{The Eclipse Foundation}},
 title = {Xtend 2.2},
 howpublished = {Eclipse Modeling Project / Textual Modeling Framework},
 year = {2011},
 note = {http://www.eclipse.org/Xtext/xtend/},
}
